@article{Thorisson2012,
	author = {Th\'{o}risson, Kristinn and Helgasson, Helgi},
	doi = {10.2478/v10229-011-0015-3},
	issn = {1946-0163},
	journal = {Journal of Artificial General Intelligence},
	keywords = {autonomy,cognitive architectures,constructivist ai,meta-learning,realtime},
	month = jan,
	number = {2},
	pages = {1--30},
	title = {{Cognitive Architectures and Autonomy: A Comparative Review}},
	volume = {3},
	year = {2012}
}
@article{Chong2009,
	author = {Chong, Hui-Qing and Tan, Ah-Hwee and Ng, Gee-Wah},
	doi = {10.1007/s10462-009-9094-9},
	issn = {0269-2821},
	journal = {Artificial Intelligence Review},
	keywords = {act-r,bdi,clarion,icarus,integrated cognitive architectures,soar,subsumption architecture},
	month = feb,
	number = {2},
	pages = {103--130},
	title = {{Integrated cognitive architectures: a survey}},
	volume = {28},
	year = {2009}
}
@book{Vernon2011,
	address = {Berlin, Heidelberg},
	author = {Vernon, David and Hofsten, Claes and Fadiga, Luciano},
	booktitle = {Cognitive Development},
	doi = {10.1007/978-3-642-16904-5},
	isbn = {978-3-642-16903-8},
	keywords = {book},
	mendeley-tags = {book},
	publisher = {Springer Berlin Heidelberg},
	series = {Cognitive Systems Monographs},
	title = {{A Roadmap for Cognitive Development in Humanoid Robots}},
	volume = {11},
	year = {2011}
}
@article{Langley2009,
	author = {Langley, Pat and Laird, John E. JE and Rogers, Seth},
	doi = {10.1016/j.cogsys.2006.07.004},
	issn = {13890417},
	journal = {Cognitive Systems Research},
	keywords = {1,a cognitive architecture specifies,an architecture,background and motivation,briefly,cognitive architectures,cognitive processes,intelligent systems,structure for an intelligent,system,the underlying infra-},
	month = jun,
	number = {2},
	pages = {141--160},
	publisher = {Elsevier B.V.},
	title = {{Cognitive architectures: Research issues and challenges}},
	volume = {10},
	year = {2009}
}
@article{Evans2013,
	author = {Evans, Jonathan and Stanovich, K E},
	doi = {10.1177/1745691612460685},
	isbn = {1745-6916$\backslash$n1745-6924},
	issn = {1745-6916},
	journal = {Perspectives on Psychological Science},
	keywords = {Dual process theory,Dual systems,Individual differences,Rationality,Working memory},
	number = {3},
	pages = {223--241},
	title = {{Dual-process theories of higher cognition: Advancing the debate}},
	volume = {8},
	year = {2013}
}
@article{Demiris2005,
	author = {Demiris, Yiannis and Dearden, Anthony},
	file = {:Users/wafajohal/Library/Application Support/Mendeley Desktop/Downloaded/Demiris et al. - 1996 - From motor babbling to hierarchical learning by imitation a robot developmental pathway.pdf:pdf},
	issn = {9197474142},
	journal = {Lund University Cognitive Studies},
	pages = {31--37},
	title = {{From motor babbling to hierarchical learning by imitation: a robot developmental pathway}},
	year = {2005}
}
@article{Vernon2007,
 title={The icub cognitive architecture: Interactive development in a humanoid robot},
 author={Vernon, David and Metta, Giorgio and Sandini, Giulio},
journal={ IEEE 6th International Conference on Development and Learning, 2007. ICDL 2007. },
 pages={122--127},
 year={2007},
 organization={Ieee}
}
@techreport{LaChRo2005,
	Author = {Langley, P. and Choi, D. and Rogers, S.},
	Institution = {Computational Learning Laboratory, CSLI, Stanford University},
	Optaddress = {Stanford, CA},
	Title = {Interleaving learning, problem solving, and execution in the Icarus architecture},
	Year = {2005}}
@article{Langley2006,
	Author = {Langley, P.},
	Journal = {AI Magazine},
	Pages = {33--44},
	Title = {Cognitive architectures and general intelligent systems},
	Volume = {27},
	Year = {2006}}
@book{Laird2012,
	Author = {Laird, John E.},
	Publisher = {MIT Press},
	Title = {The Soar cognitive architecture},
	Year = {2012}}
@book{Sun2002,
	Address = {Mahwah, NJ},
	Author = {Sun, R.},
	Publisher = {Lawrence Erlbaum Associates},
	Title = {Duality of the Mind: A Bottom-up Approach Toward Cognition},
	Year = {2002}}
@techreport{Sun2003,
	Author = {Sun, R.},
	Institution = {Cognitive Science Department, Rensselaer Polytechnic Institute},
	Title = {A Tutorial on CLARION 5.0.},
	Year = {2003}}
@article{Anderson2005,
	Author = {Anderson, J. R.},
	Journal = {Cognitive Science},
	Number = {3},
	Pages = {313--341},
	Title = {Human symbol manipulation within an integrated cognitive architecture},
	Volume = {29},
	Year = {2005}}
@article{baxter2013,
	title={Cognitive architecture for human--robot interaction: Towards behavioural alignment},
	author={Baxter, Paul E and de Greeff, Joachim and Belpaeme, Tony},
	journal={BICA'13},
	volume={6},
	pages={30--39},
	year={2013},
	publisher={Elsevier}
}
@article{demiris2006,
	title={Hierarchical attentive multiple models for execution and recognition of actions},
	author={Demiris, Yiannis and Khadhouri, Bassam},
	journal={Robotics and autonomous systems},
	volume={54},
	number={5},
	pages={361--369},
	year={2006},
	publisher={Elsevier}
}
@article{bratman1987,
	title={Intention, plans, and practical reason},
	author={Bratman, Michael},
	year={1987}
}
